<record><leader>00000cas a22000007a 4500</leader><controlfield tag="001">35393618</controlfield><controlfield tag="008">960906d19uu194uokuwr n       0    0eng d</controlfield><datafield ind1=" " ind2=" " tag="010"><subfield code="a">sn 96093951 </subfield></datafield><datafield ind1=" " ind2=" " tag="040"><subfield code="a">OBN</subfield><subfield code="b">eng</subfield><subfield code="c">OBN</subfield><subfield code="d">OCLCQ</subfield><subfield code="d">OCLCF</subfield><subfield code="d">OCLCO</subfield></datafield><datafield ind1="1" ind2=" " tag="029"><subfield code="a">AU@</subfield><subfield code="b">000012845429</subfield></datafield><datafield ind1=" " ind2=" " tag="042"><subfield code="a">msc</subfield></datafield><datafield ind1=" " ind2=" " tag="043"><subfield code="a">n-us-ok</subfield></datafield><datafield ind1="0" ind2="4" tag="245"><subfield code="a">The Choteau enterprise.</subfield></datafield><datafield ind1="3" ind2=" " tag="246"><subfield code="a">Chouteau enterprise</subfield></datafield><datafield ind1=" " ind2=" " tag="260"><subfield code="a">Choteau, Mayes County, Okla. :</subfield><subfield code="b">David M. Crockett</subfield></datafield><datafield ind1=" " ind2=" " tag="300"><subfield code="a">v.</subfield></datafield><datafield ind1=" " ind2=" " tag="310"><subfield code="a">Weekly</subfield></datafield><datafield ind1=" " ind2=" " tag="500"><subfield code="a">Published in Pryor, Okla., Jan. 6-Oct. 26, 1944.</subfield></datafield><datafield ind1=" " ind2=" " tag="515"><subfield code="a">Jan. 6, 1944 issue is numbered Vol. 14, no. 45.</subfield></datafield><datafield ind1=" " ind2=" " tag="588"><subfield code="a">Description based on: Vol. 26, no. 40 (Oct. 9, 1941).</subfield></datafield><datafield ind1=" " ind2="0" tag="651"><subfield code="a">Pryor (Okla.)</subfield><subfield code="v">Newspapers.</subfield></datafield><datafield ind1=" " ind2="0" tag="651"><subfield code="a">Chouteau (Okla.)</subfield><subfield code="v">Newspapers.</subfield></datafield><datafield ind1=" " ind2="0" tag="651"><subfield code="a">Mayes County (Okla.)</subfield><subfield code="v">Newspapers.</subfield></datafield><datafield ind1=" " ind2="7" tag="655"><subfield code="a">Newspapers.</subfield><subfield code="2">fast</subfield><subfield code="0">(OCoLC)fst01423814</subfield></datafield><datafield ind1=" " ind2="7" tag="651"><subfield code="a">Oklahoma</subfield><subfield code="z">Chouteau.</subfield><subfield code="2">fast</subfield><subfield code="0">(OCoLC)fst01889077</subfield></datafield><datafield ind1=" " ind2="7" tag="651"><subfield code="a">Oklahoma</subfield><subfield code="z">Mayes County.</subfield><subfield code="2">fast</subfield><subfield code="0">(OCoLC)fst01218453</subfield></datafield><datafield ind1=" " ind2="7" tag="651"><subfield code="a">Oklahoma</subfield><subfield code="z">Pryor.</subfield><subfield code="2">fast</subfield><subfield code="0">(OCoLC)fst01220765</subfield></datafield><datafield ind1=" " ind2=" " tag="752"><subfield code="a">United States</subfield><subfield code="b">Oklahoma</subfield><subfield code="c">Mayes</subfield><subfield code="d">Pryor.</subfield></datafield><datafield ind1=" " ind2=" " tag="752"><subfield code="a">United States</subfield><subfield code="b">Oklahoma</subfield><subfield code="c">Mayes</subfield><subfield code="d">Chouteau.</subfield></datafield><datafield ind1="0" ind2="0" tag="780"><subfield code="t">Adair citizen</subfield><subfield code="w">(DLC)sn 96093950</subfield><subfield code="w">(OCoLC)35393592</subfield></datafield></record>